% Bibliografía
% Este fichero contiene la bibliografía de la memoria
% Está en un formato que se conoce como BibTex.
% Hay muchos sitios web que exportan referencias en formato BibTeX. 
% Prueba a buscar en http://scholar.google.com por referencias
% y verás que lo puedes hacer de manera sencilla.
% Más información: 
% http://texblog.org/2014/04/22/using-google-scholar-to-download-bibtex-citations/
% Existen varias posibilidades para referenciar diferentes tipos de documentos,
% ya que los datos necesarios varían. Así, existen formatos de entrada para
%     * libros (book)
%     * artículos en revistas de investigación (article)
%     * capítulos de libro (incollection)
%     * informes técnicos (techreport)
%     * otros (misc)
%
% Las páginas web deberían ir como misc.
% Una última cosa: no referencias nunca la WikiPedia
% La WikiPedia, como buena enciclopedia, no es fuente primaria.
% Si acaso, busca por citas en la WikiPedia (que sí ha de referenciar fuentes
% primarias) y haz referencia a las mismas.


@Misc{website:GitHub,
  	title = {Github},
 	note =	{\\https://docs.github.com/es}
}

@Misc{website:RepositorioTFG,
	title = {Repositorio de mi trabajo de fin de grado},
	note = {\\https://github.com/ivanmiguelmolinero/TFG}
}

@Misc{website:PyGithub,
	title = {PyGithub},
	note = {\\https://github.com/pygithub/pygithub}
}

@Misc{website:DjangoGirls,
	title = {DjangoGirls},
	note = {\\https://djangogirls.org/es/}
}

@Misc{website:Python,
	title = {Python},
	note = {\\https://web.archive.org/web/20200224120525/https://luca-d3.com/es/data-speaks/diccionario-tecnologico/python-lenguaje}
}

@Misc{website:HTML,
	title = {HTML},
	note = {\\https://developer.mozilla.org/es/docs/Web/HTML}
}

@Misc{website:CSS,
	title = {CSS},
	note = {\\https://developer.mozilla.org/es/docs/Web/CSS}
}

@Misc{website:Javascript,
	title = {Javascript},
	note = {\\https://developer.mozilla.org/es/docs/Web/JavaScript}
}

@Misc{website:OpenBRR,
	title = {OpenBRR},
	note = {\\https://web.archive.org/web/20050803022846/http://www.openbrr.org/}
}

@Misc{website:Middleware,
	title = {Middleware},
	note = {\\https://web.archive.org/web/20050507151935/http://middleware.objectweb.org/}
}

@Misc{website:Moodle,
	title = {Moodle},
	note = {\\https://moodle.org//}
}

@Misc{website:OpenBRR2,
	title = {Análisis con OpenBRR},
	note = {\\https://dl.ifip.org/db/conf/oss/oss2010/PetrinjaSS10.pdf}
}

@Misc{website:OSMM,
	title = {OSMM},
	note = {\\https://optaresolutions.com/osm-assessments/}
}

@Misc{website:OpenBQR,
	title = {OpenBQR},
	note = {\\https://flosshub.org/sites/flosshub.org/files/OpenBQR.pdf}
}

@Misc{website:MOSST,
	title = {MOSST},
	note = {\\https://dl.ifip.org/db/conf/oss/oss2009/BiancoLMT09.pdf}
}

@Misc{website:Perceval,
	title = {Perceval},
	note = {\\https://perceval.readthedocs.io/en/latest/perceval/git.html}
}

@Misc{website:FilosofiaPython,
	title = {Filosofía de Python},
	note = {\\https://datademia.es/blog/que-es-python}
}
